<?xml version="1.0" encoding="UTF-8"?>
<record>
  <leader>01298nam#a2200349#c#4500</leader>
  <controlfield tag="003">DE-605</controlfield>
  <controlfield tag="005">20231127173550.0</controlfield>
  <controlfield tag="007">cr#|||||||||||</controlfield>
  <controlfield tag="008">210916|2021####sz #####o#####|||#|#eng#c</controlfield>
  <controlfield tag="001">99370969073706441</controlfield>
  <datafield tag="024" ind1="7" ind2=" ">
    <subfield code="a">https://doi.org/10.3390/agronomy11091854</subfield>
    <subfield code="2">urn</subfield>
  </datafield>
  <datafield tag="035" ind1=" " ind2=" ">
    <subfield code="a">(DE-605)HT021076158</subfield>
  </datafield>
  <datafield tag="040" ind1=" " ind2=" ">
    <subfield code="a">B 23</subfield>
    <subfield code="b">ger</subfield>
    <subfield code="c">DE-605</subfield>
    <subfield code="d">DE-605</subfield>
    <subfield code="e">rda</subfield>
  </datafield>
  <datafield tag="041" ind1=" " ind2=" ">
    <subfield code="a">eng</subfield>
  </datafield>
  <datafield tag="044" ind1=" " ind2=" ">
    <subfield code="c">XA-CH</subfield>
  </datafield>
  <datafield tag="245" ind1="0" ind2="0">
    <subfield code="a">Analysis of weather-related growth differences in winter wheat in a three-year field trial in North-East Germany</subfield>
    <subfield code="c">Alice Künzel, Sandra Münzel, Falk Böttcher, and Daniel Spengler</subfield>
  </datafield>
  <datafield tag="264" ind1=" " ind2="1">
    <subfield code="a">Basel</subfield>
    <subfield code="b">MDPI</subfield>
    <subfield code="c">2021</subfield>
  </datafield>
  <datafield tag="300" ind1=" " ind2=" ">
    <subfield code="a">1 Online-Ressource (23 Seiten : Diagramme)</subfield>
  </datafield>
  <datafield tag="336" ind1=" " ind2=" ">
    <subfield code="b">txt</subfield>
  </datafield>
  <datafield tag="337" ind1=" " ind2=" ">
    <subfield code="b">c</subfield>
  </datafield>
  <datafield tag="338" ind1=" " ind2=" ">
    <subfield code="b">cr</subfield>
  </datafield>
  <datafield tag="347" ind1=" " ind2=" ">
    <subfield code="a">Textdatei</subfield>
    <subfield code="b">PDF</subfield>
    <subfield code="c">4,8 MB</subfield>
  </datafield>
  <datafield tag="035" ind1=" " ind2=" ">
    <subfield code="a">(DE-599)HBZHT021076158</subfield>
  </datafield>
  <datafield tag="964" ind1="0" ind2="s">
    <subfield code="F">051</subfield>
    <subfield code="A">m|||||||</subfield>
  </datafield>
  <datafield tag="964" ind1="0" ind2="s">
    <subfield code="F">030</subfield>
    <subfield code="A">a|zur||||||37</subfield>
  </datafield>
  <datafield tag="964" ind1="0" ind2="s">
    <subfield code="F">050</subfield>
    <subfield code="A">||||||||g|||||</subfield>
  </datafield>
  <datafield tag="964" ind1="0" ind2="s">
    <subfield code="V">552</subfield>
    <subfield code="a">https://www.mdpi.com/2073-4395/11/9/1854</subfield>
  </datafield>
  <datafield tag="700" ind1="1" ind2=" ">
    <subfield code="a">Künzel, Alice</subfield>
    <subfield code="4">aut</subfield>
  </datafield>
  <datafield tag="700" ind1="1" ind2=" ">
    <subfield code="a">Münzel, Sandra</subfield>
    <subfield code="0">(DE-588)101617957X</subfield>
    <subfield code="4">aut</subfield>
  </datafield>
  <datafield tag="700" ind1="1" ind2=" ">
    <subfield code="a">Böttcher, Falk</subfield>
    <subfield code="0">(DE-588)1034493884</subfield>
    <subfield code="4">aut</subfield>
    <subfield code="0">https://d-nb.info/gnd/1034493884</subfield>
    <subfield code="0">http://viaf.org/viaf/302931058</subfield>
    <subfield code="B">GND-1034493884</subfield>
  </datafield>
  <datafield tag="700" ind1="1" ind2=" ">
    <subfield code="a">Spengler, Daniel</subfield>
    <subfield code="0">(DE-588)1067398597</subfield>
    <subfield code="4">aut</subfield>
  </datafield>
  <datafield tag="787" ind1="0" ind2="8">
    <subfield code="i">Sonderdruck aus</subfield>
    <subfield code="t">Agronomy / Molecular Diversity Preservation International (MDPI)</subfield>
    <subfield code="g">2021,11</subfield>
  </datafield>
  <datafield tag="MBD" ind1=" " ind2=" ">
    <subfield code="M">49HBZ_NETWORK</subfield>
    <subfield code="i">99370969073706441</subfield>
    <subfield code="n">HBZ Network</subfield>
  </datafield>
  <datafield tag="MBD" ind1=" " ind2=" ">
    <subfield code="M">49HBZ_DWD</subfield>
    <subfield code="i">991002437609708975</subfield>
    <subfield code="n">Deutscher Wetterdienst</subfield>
  </datafield>
  <datafield tag="MNG" ind1=" " ind2=" ">
    <subfield code="c">System</subfield>
    <subfield code="f">HBZ</subfield>
    <subfield code="i">marc21</subfield>
    <subfield code="h">20210916085800.0</subfield>
    <subfield code="l">70</subfield>
    <subfield code="k">01</subfield>
    <subfield code="e">false</subfield>
    <subfield code="d">2023-11-28 04:37:03 Europe/Berlin</subfield>
    <subfield code="g">HT021076158</subfield>
    <subfield code="a">System</subfield>
    <subfield code="b">2021-09-16 09:00:33 Europe/Berlin</subfield>
  </datafield>
  <datafield tag="H52" ind1="8" ind2=" ">
    <subfield code="b">DMB</subfield>
    <subfield code="c">00004</subfield>
    <subfield code="8">2267918490008975</subfield>
  </datafield>
  <datafield tag="HOL" ind1=" " ind2=" ">
    <subfield code="b">2024-09-17 08:21:08</subfield>
    <subfield code="8">2267918490008975</subfield>
    <subfield code="M">49HBZ_DWD</subfield>
    <subfield code="g">false</subfield>
    <subfield code="a">import</subfield>
  </datafield>
  <datafield tag="ITM" ind1=" " ind2=" ">
    <subfield code="H">2267918490008975</subfield>
    <subfield code="x">00004</subfield>
    <subfield code="f">ADDITIONAL2</subfield>
    <subfield code="v">00004</subfield>
    <subfield code="p">Frei verfügbar</subfield>
    <subfield code="X">System</subfield>
    <subfield code="U">2021-09-16 12:59:00 Europe/Berlin</subfield>
    <subfield code="Y">2025-04-14 11:17:36 Europe/Berlin</subfield>
    <subfield code="h">false</subfield>
    <subfield code="n">Visual Library</subfield>
    <subfield code="P">Pflicht</subfield>
    <subfield code="M">49HBZ_DWD</subfield>
    <subfield code="s">1</subfield>
    <subfield code="d">8</subfield>
    <subfield code="V">import</subfield>
    <subfield code="a">2367918480008975</subfield>
    <subfield code="t">8</subfield>
    <subfield code="B">21.314</subfield>
    <subfield code="W">2021-09-16 02:00:00 Europe/Berlin</subfield>
    <subfield code="u">DMB</subfield>
    <subfield code="w">DMB</subfield>
  </datafield>
  <datafield tag="GSI" ind1="7" ind2=" ">
    <subfield code="a">http://d-nb.info/gnd/1034493884</subfield>
    <subfield code="2">uri</subfield>
    <subfield code="A">GND</subfield>
    <subfield code="B">GND-1034493884</subfield>
    <subfield code="C">024</subfield>
  </datafield>
</record>
